% This file was created with JabRef 2.9.2.
% Encoding: ISO8859_1

@BOOK{Russell2009,
  title = {Artificial Intelligence: A Modern Approach},
  publisher = {Prentice Hall Press},
  year = {2009},
  author = {Russell, Stuart and Norvig, Peter},
  address = {Upper Saddle River, NJ, USA},
  edition = {3rd},
  isbn = {0136042597, 9780136042594}
}

@article{Fikes1971,
	title={STRIPS: A new approach to the application of theorem proving to problem solving},
	author={Fikes, Richard E and Nilsson, Nils J},
	journal={Artificial intelligence},
	volume={2},
	number={3-4},
	pages={189--208},
	year={1971},
	publisher={Elsevier}
}

@article{Fikes1993,
	title={STRIPS, a retrospective},
	author={Fikes, Richard E and Nilsson, Nils J},
	journal={Artificial Intelligence},
	volume={59},
	number={1},
	pages={227--232},
	year={1993},
	publisher={Elsevier}
}

@article{Blum1997,
	title={Fast planning through planning graph analysis},
	author={Blum, Avrim L and Furst, Merrick L},
	journal={Artificial intelligence},
	volume={90},
	number={1},
	pages={281--300},
	year={1997},
	publisher={Elsevier}
}

@techreport{Sacerdoti1975,
	title={The nonlinear nature of plans},
	author={Sacerdoti, Earl D},
	year={1975},
	institution={DTIC Document}
}

@article{McDermott1998,
	title={PDDL-the planning domain definition language},
	author={McDermott, Drew and Ghallab, Malik and Howe, Adele and Knoblock, Craig and Ram, Ashwin and Veloso, Manuela and Weld, Daniel and Wilkins, David},
	year={1998}
}

@article{Chapman1987,
	title={Planning for conjunctive goals},
	author={Chapman, David},
	journal={Artificial intelligence},
	volume={32},
	number={3},
	pages={333--377},
	year={1987},
	publisher={Elsevier}
}